@article{bezanson,
  title={Julia: A fresh approach to numerical computing},
  author={Bezanson, Jeff and Edelman, Alan and Karpinski, Stefan and Shah, Viral B},
  journal={SIAM review},
  volume={59},
  number={1},
  pages={65--98},
  year={2017},
  publisher={SIAM}
}

@article{preprint,
  title = {Algorithms for computing basins of attraction associated with a rational self-map of the Hopf fibration based on Lyapunov exponents},
journal = {Topology and its Applications},
volume = {339},
pages = {108578},
year = {2023},
issn = {0166-8641},
author = {V. Álvarez-Aparicio and J.M. García-Calcines and L.J. Hernández-Paricio and M.T. Rivas-Rodríguez},
}

@article{sage,
  title={Plotting basins of end points of rational maps with {S}age},
  author={Hernández-Paricio, L.J. and Marañón-Grandes, M. and Rivas-Rodríguez, M.T.},
  journal={Tbilisi Mathematical Journal},
  number={5},
  pages={71-99},
  year={2012}
}

@article{julia,
  title={An implementation in {J}ulia {L}anguage for the iteration of rational functions on the {R}iemann sphere},
  author={Extremiana-Aladana, J.I. and Gutiérrez-Jiménez, J.M. and Hernández-Paricio, L.J. and Rivas-Rodríguez, M.T.},
  journal={Applications to Numerical Methods},
  year={2019}
}

@software{alvarez,
author = {{\'A}lvarez-Aparicio, V.},
license = {MIT},
month = {3},
title = {{Lyapunov Cycle Detector (LCD.jl)}},
url = {https://github.com/valvarezapa/LCD},
version = {1.4},
year = {2022}
}

@software{lj,
author = {Hernández-Paricio, L.J.},
license = {MIT},
title = {{Plotting Basins of a Univariate Rational map (PBURF.jl)}},
url = {https://github.com/luisjavierhernandez},
year = {2019}
}